@article{burgiel_1997, 
  title={How to lose at Tetris}, 
  volume={81}, 
  DOI={10.2307/3619195}, 
  number={491}, 
  journal={The Mathematical Gazette}, 
  publisher={Cambridge University Press}, 
  author={Burgiel, Heidi}, 
  year={1997}, 
  pages={194â€“200}
}

@book{Bertsekas_1996,
author = {Bertsekas, Dimitri P. and Tsitsiklis, John N.},
title = {Neuro-Dynamic Programming},
year = {1996},
isbn = {1886529108},
publisher = {Athena Scientific},
edition = {1st},
abstract = {From the Publisher:This is the first textbook that fully explains the neuro-dynamic programming/reinforcement learning methodology, which is a recent breakthrough in the practical application of neural networks and dynamic programming to complex problems of planning, optimal decision making, and intelligent control.}
}

@book{russell2016artificial,
  title={Artificial intelligence: a modern approach},
  author={Russell, Stuart J and Norvig, Peter},
  year={2016},
  publisher={Malaysia; Pearson Education Limited,}
}

@article{gao2016incentivizing,
  title={Incentivizing evaluation via limited access to ground truth: Peer-prediction makes things worse},
  author={Gao, Alice and Wright, James R and Leyton-Brown, Kevin},
  journal={arXiv preprint arXiv:1606.07042},
  year={2016}
}

@inproceedings{gao2014trick,
  title={Trick or treat: putting peer prediction to the test},
  author={Gao, Xi Alice and Mao, Andrew and Chen, Yiling and Adams, Ryan Prescott},
  booktitle={Proceedings of the fifteenth ACM conference on Economics and computation},
  pages={507--524},
  year={2014},
  organization={ACM}
}

@book{SS14,
  title = {Understanding Machine Learning: From Theory to Algorithms},
  author = {Shai Shalev-Shwartz and Shai Ben-David},
  publisher = {Cambridge University Press},
  year = {2014},
}

@article{Block62,
  title        = {The perceptron: A model for brain functioning},
  author       = {H. D. Block},  
  journal      = {Reviews of Modern Physics},  
  volume       = {34},
  number       = {1},
  pages        = {123--135},
  year         = {1962},  
}

@inproceedings{Novikoff62,
  title        = {On Convergence proofs for perceptrons},
  author       = {A. Novikoff},  
  booktitle    = {Symposium on Mathematical Theory of Automata},  
  pages        = {615--622},
  year         = {1962},  
}